<record><leader>00000cas a22000007a 4500</leader><controlfield tag="001">22855924</controlfield><controlfield tag="008">901214d19471947maudn ne      0    0eng d</controlfield><datafield ind1=" " ind2=" " tag="010"><subfield code="a">sn 89062531 </subfield></datafield><datafield ind1=" " ind2=" " tag="040"><subfield code="a">MGN</subfield><subfield code="b">eng</subfield><subfield code="c">MGN</subfield><subfield code="d">OCLCQ</subfield></datafield><datafield ind1=" " ind2=" " tag="042"><subfield code="a">msc</subfield></datafield><datafield ind1="0" ind2=" " tag="130"><subfield code="a">Today (Springfield, Mass.)</subfield></datafield><datafield ind1="1" ind2="0" tag="245"><subfield code="a">Today.</subfield></datafield><datafield ind1=" " ind2=" " tag="260"><subfield code="a">Springfield, Mass. :</subfield><subfield code="b">John D. Donoghue</subfield></datafield><datafield ind1=" " ind2=" " tag="300"><subfield code="a">v.</subfield></datafield><datafield ind1=" " ind2=" " tag="310"><subfield code="a">Daily (except Sun.)</subfield></datafield><datafield ind1="0" ind2=" " tag="362"><subfield code="a">Vol. 1, no. 1 (Jan. 25, 1947)-v. 1, no. 24 (Feb. 21, 1947).</subfield></datafield><datafield ind1=" " ind2=" " tag="500"><subfield code="a">Established and staffed by striking employees of Springfield newspapers.</subfield></datafield><datafield ind1=" " ind2=" " tag="515"><subfield code="a">Suspended Feb. 21, 1947.</subfield></datafield><datafield ind1=" " ind2=" " tag="752"><subfield code="a">United States</subfield><subfield code="b">Massachusetts</subfield><subfield code="c">Hampden</subfield><subfield code="d">Springfield.</subfield></datafield></record>